@misc{ComplexityZoo,
author = {Aaronson, Scott},
title = {{Complexity Zoo}},
url = {https://complexityzoo.uwaterloo.ca/Complexity_Zoo:N#npc},
urldate = {17/08/2016}
}
@article{holevo1973,
  title={Some estimates for information quantity transmitted by quantum communication channels,"},
  author={Holevo, Alexander S},
  journal={Problems of Information Transmission},
  volume={9},
  pages={177--183},
  year={1973}
}
@article{ge2011note,
  title={A note on the complexity of $\ell_{0}$ minimization},
  author={Ge, Dongdong and Jiang, Xiaoye and Ye, Yinyu},
  journal={Mathematical programming},
  volume={129},
  number={2},
  pages={285--299},
  year={2011},
  publisher={Springer}
}